<?xml version="1.0" encoding="UTF-8"?><collection xmlns="http://www.loc.gov/MARC21/slim"><record><leader>00416nam--2200181-u-4500</leader><controlfield tag="001">000051660</controlfield><controlfield tag="002">20161230</controlfield><controlfield tag="005">20161230201049</controlfield><controlfield tag="008">080814s1000------------r-----000-0-rus-d</controlfield><datafield ind1=" " ind2=" " tag="040"><subfield code="a">IFIN-HH</subfield></datafield><datafield ind1=" " ind2=" " tag="041"><subfield code="a">rus</subfield></datafield><datafield ind1=" " ind2=" " tag="080"><subfield code="a">517.512</subfield></datafield><datafield ind1="1" ind2=" " tag="100"><subfield code="a">Litvin,O.M</subfield></datafield><datafield ind1="1" ind2="0" tag="245"><subfield code="a">Interlinatsiya Funktsii</subfield><subfield code="c">O.M. Litvin</subfield></datafield><datafield ind1=" " ind2=" " tag="260"><subfield code="a">Kharkiv</subfield><subfield code="c">1992</subfield></datafield><datafield ind1=" " ind2=" " tag="300"><subfield code="a">233 p</subfield></datafield><datafield ind1=" " ind2=" " tag="852"><subfield code="a">80421</subfield><subfield code="c">517.5</subfield></datafield><datafield ind1=" " ind2=" " tag="CAT"><subfield code="a">Sys</subfield><subfield code="c">20110311</subfield><subfield code="h">110110</subfield></datafield></record></collection>